@article{rundfunk,
  title   = {{Interventionen in die Produktion algorithmischer Öffentlichkeiten: Recommender Systeme als Herausforderung für öffentlich-rechtliche Sendeanstalten}},
  author  = {{Nikolaus Pöchhacker, Marcus Burkhardt, Andrea Geipel und Jan-Hendrik Passoth}},
  journal = {{kommunikation @ gesellschaft}},
  year    = {{2017}},
  pages   = {{1-25}},
  volume  = {{18}}
}

@book{filter-bubble,
  title     = {{The Filter Bubble: How the New Personalized Web Is Changing What We Read and How We Think}},
  author    = {{Eli Pariser}},
  publisher = {{Penguin Books}},
  location  = {{New York}},
  year      = {{2014}},
  isbn      = {{978-1-101-51512-9}}
}

@article{reasoning-rule,
  title   = {{Reasoning about a Rule}},
  author  = {{P. C. Wason}},
  journal = {{Quarterly Journal of Experimental Psychology}},
  year    = {{1968}},
  pages   = {{273-281}},
  volume  = {{20}},
  number  = {{3}}
}

@article{democratic-role,
  title   = {{On the Democratic Role of News Recommenders}},
  author  = {{Natali Helberger}},
  journal = {{Digital Journalism}},
  year    = {{2019}},
  pages   = {{993-1012}},
  volume  = {{7}},
  number  = {{8}}
}

@incollection{oekonomie-konventionen,
  title     = {{Ökonomie der Konventionen}},
  booktitle = {{Handbuch der Wirtschaftssoziologie}},
  author    = {{Lisa Knoll}},
  editor    = {{Andrea Maurer}},
  year      = {{2017}},
  pages     = {{151-162}},
  publisher = {{Springer Fachmedien Wiesbaden}},
  location  = {{Wiesbaden}},
  isbn      = {{978-3-531-19907-8}}
}

@article{formale-begriffsanalyse,
  title   = {{Begriffliche Wissensverarbeitung: Theorie und Praxis}},
  author  = {{Rudolf Wille}},
  journal = {{Informatik-Spektrum}},
  year    = {{2000}},
  pages   = {{357-369}},
  volume  = {{23}},
  number  = {{6}},
  issn    = {{0170-6012, 1432-122X}}
}

@techreport{public-service-news,
  title       = {{Old, Educated, and Politically Diverse: The Audience of Public Service News}},
  author      = {{Anne Schulz, David A. L. Levy und Rasmus Kleis Nielsen}},
  institution = {{Reuters Institute for the Study of Journalism}},
  year        = {{2019}}
}

@book{reuters-2021,
  title     = {{Reuters Institute Digital News Report 2021: Ergebnisse für Deutschland}},
  author    = {{Sascha Höllig, Uwe Hasebrink und Julia Behre}},
  series    = {{Reuters Institute digital news report 2018 - Ergebnisse für Deutschland / Hans Bredow-Institut für Medienforschung an der Universität Hamburg}},
  number    = {{Nr. 58 (Juni 2021)}},
  publisher = {{Leibniz-Institut für Medienforschung, Hans-Bredow-Institut (HBI)}},
  location  = {{Hamburg}},
  isbn      = {978-3-87296-170-9},
  date      = {2021}
}

@inbook{lincoln,
  title     = {{Demokratie. Geschichte, Form, Theorien}},
  author    = {{Hans Vorlänge}},
  publisher = {{C. H. Beck}},
  year      = {{2016}},
  pages     = {{10}}
}

@techreport{reuters-2022,
  title       = {{Reuters Institute Digital News Report 2022}},
  author      = {{Nic Newman, Richard Fletcher, Craig T. Robertson, Kirsten Eddy und Rasmus Kleis Nielsen}},
  institution = {{Reuters Institute for the Study of Journalism}},
  year        = {{2022}}
}

@inbook{media-democracy,
  title     = {{Media and Democracy}},
  author    = {{James Curran}},
  chapter   = {{Press as an agency of social control}},
  series    = {{Communication and Society}},
  publisher = {{Routledge}},
  year      = {{2011}},
  pages     = {{141-143}},
  isbn      = {{0-203-40687-7}}
}

@article{penny-press,
  title     = {{The Penny Press: The Origins of the Modern News Media, 1833–1861}},
  author    = {{Susan Thompson}},
  editor    = {{Ulf Jonas Bjork}},
  journal   = {{American Journalism}},
  publisher = {{Routledge}},
  year      = {{2005}},
  pages     = {{147-148}},
  volume    = {{22}},
  number    = {{2}}
}

@article{aviso-relation-oder-zeitung,
  title   = {{Wolfenbüttel as the Place Where 'Aviso', of 1609—the Oldest Printed Newspaper-was Printed}},
  author  = {{Wilhelm Hartmann}},
  journal = {{Gazette (Leiden, Netherlands)}},
  year    = {{1961}},
  pages   = {{177-187}},
  volume  = {{7}},
  number  = {{2}}
}

@book{liberty-and-news,
  title     = {{Liberty and the News}},
  author    = {{Walter Lippmann}},
  publisher = {{Harcourt Brace And Howe}},
  year      = {{1920}}
}

@book{public-opinion,
  title     = {{Public Opinion}},
  author    = {{Walter Lippmann}},
  publisher = {{Harcourt Brace And Howe}},
  year      = {{1922}}
}

@book{phantom-public,
  title     = {{The Phantom Public}},
  author    = {{Walter Lippmann}},
  publisher = {{Transaction Publishers}},
  year      = {{1925}},
  isbn      = {{1-56000-677-3}}
}


@book{democracy-and-education,
  title     = {{Democracy and Education: An Introduction to the Philosophy of Education}},
  author    = {{John Dewey}},
  publisher = {{Macmillan}},
  year      = {{1916}}
}

@book{public-problems,
  title     = {{The Public and Its Problems}},
  author    = {{John Dewey}},
  publisher = {{Holt Publishers}},
  year      = {{1927}},
  isbn      = {{1-56000-677-3.}}
}

@article{lippmann-dewey-debate,
  title   = {{Out of Print The Death and Life of the American Newspaper}},
  author  = {{Eric Alterman}},
  journal = {{The New Yorker}},
  year    = {{2008}},
  pages   = {{48-60}}
}

@inbook{recommender-systems,
  title     = {{Empfehlungssysteme: Recommender Systems ; Grundlagen, Konzepte und Lösungen}},
  author    = {{André Klahold}},
  chapter   = {{Empfehlungssystem}},
  publisher = {{Vieweg + Teubner}},
  location  = {{Wiesbaden}},
  year      = {{2009}},
  series    = {{Studium}},
  edition   = {{1. Auflage}},
  pages     = {{1-2}},
  isbn      = {{978-3-8348-0568-3}}
}

@inproceedings{social-recommender,
  title     = {{Social Recommender Systems}},
  author    = {{Ido Guy und David Carmel}},
  booktitle = {{Proceedings of the 20th international conference companion on World wide web}},
  pages     = {{283-284}},
  year      = {{2011}}
}

@inproceedings{ecommerce-recommender,
  title     = {{Recommender Systems in E-Commerce}},
  author    = {{J. Ben Schafer, Joseph Konstan und John Riedl}},
  booktitle = {{Proceedings of the 1st ACM conference on Electronic commerce}},
  pages     = {{158-166}},
  year      = {{1999}}
}

@article{news-recommender,
  title   = {{News recommender systems - Survey and roads ahead}},
  author  = {{Mozhgan Karimi, Dietmar Jannach und Michael Jugovac}},
  journal = {{Information Processing \& Management}},
  year    = {{2018}},
  pages   = {{1203-1227}},
  volume  = {{54}},
  number  = {{6}}
}

@book{book-template,
  title     = {{}},
  author    = {{}},
  editor    = {{}},
  publisher = {{}},
  year      = {{}},
  isbn      = {{}}
}

@inbook{inbook-template,
  title     = {{}},
  author    = {{}},
  chapter   = {{}},
  editor    = {{}},
  publisher = {{}},
  year      = {{}},
  pages     = {{}},
  isbn      = {{}}
}

@article{article-template,
  title   = {{}},
  author  = {{}},
  journal = {{}},
  year    = {{}},
  pages   = {{}},
  volume  = {{}},
  number  = {{}}
}

@inproceedings{inproceedings-template,
  title     = {{}},
  author    = {{}},
  booktitle = {{}},
  editor    = {{}},
  pages     = {{}},
  year      = {{}}
}
